%YAML 1.1
%TAG !u! tag:unity3d.com,2011:
--- !u!1 &7970284101118654336
GameObject:
  m_ObjectHideFlags: 0
  m_CorrespondingSourceObject: {fileID: 0}
  m_PrefabInstance: {fileID: 0}
  m_PrefabAsset: {fileID: 0}
  serializedVersion: 6
  m_Component:
  - component: {fileID: 7970284101118290848}
  - component: {fileID: 7970284101119585156}
  - component: {fileID: 7970284101120584004}
  - component: {fileID: 7970284101118654343}
  - component: {fileID: 391011265889824647}
  m_Layer: 0
  m_Name: MilkyBulky
  m_TagString: Untagged
  m_Icon: {fileID: 0}
  m_NavMeshLayer: 0
  m_StaticEditorFlags: 0
  m_IsActive: 1
--- !u!4 &7970284101118290848
Transform:
  m_ObjectHideFlags: 0
  m_CorrespondingSourceObject: {fileID: 0}
  m_PrefabInstance: {fileID: 0}
  m_PrefabAsset: {fileID: 0}
  m_GameObject: {fileID: 7970284101118654336}
  m_LocalRotation: {x: 0, y: 0, z: 0, w: 1}
  m_LocalPosition: {x: 0, y: 0, z: 0}
  m_LocalScale: {x: 1, y: 1, z: 1}
  m_Children:
  - {fileID: 6547191582595025986}
  m_Father: {fileID: 0}
  m_RootOrder: 0
  m_LocalEulerAnglesHint: {x: 0, y: 0, z: 0}
--- !u!33 &7970284101119585156
MeshFilter:
  m_ObjectHideFlags: 0
  m_CorrespondingSourceObject: {fileID: 0}
  m_PrefabInstance: {fileID: 0}
  m_PrefabAsset: {fileID: 0}
  m_GameObject: {fileID: 7970284101118654336}
  m_Mesh: {fileID: 4300000, guid: abad5ad41f3d34540bef0de007196cee, type: 3}
--- !u!23 &7970284101120584004
MeshRenderer:
  m_ObjectHideFlags: 0
  m_CorrespondingSourceObject: {fileID: 0}
  m_PrefabInstance: {fileID: 0}
  m_PrefabAsset: {fileID: 0}
  m_GameObject: {fileID: 7970284101118654336}
  m_Enabled: 1
  m_CastShadows: 1
  m_ReceiveShadows: 1
  m_DynamicOccludee: 1
  m_MotionVectors: 1
  m_LightProbeUsage: 1
  m_ReflectionProbeUsage: 1
  m_RenderingLayerMask: 1
  m_RendererPriority: 0
  m_Materials:
  - {fileID: 0}
  m_StaticBatchInfo:
    firstSubMesh: 0
    subMeshCount: 0
  m_StaticBatchRoot: {fileID: 0}
  m_ProbeAnchor: {fileID: 0}
  m_LightProbeVolumeOverride: {fileID: 0}
  m_ScaleInLightmap: 1
  m_PreserveUVs: 0
  m_IgnoreNormalsForChartDetection: 0
  m_ImportantGI: 0
  m_StitchLightmapSeams: 1
  m_SelectedEditorRenderState: 3
  m_MinimumChartSize: 4
  m_AutoUVMaxDistance: 0.5
  m_AutoUVMaxAngle: 89
  m_LightmapParameters: {fileID: 0}
  m_SortingLayerID: 0
  m_SortingLayer: 0
  m_SortingOrder: 0
--- !u!114 &7970284101118654343
MonoBehaviour:
  m_ObjectHideFlags: 0
  m_CorrespondingSourceObject: {fileID: 0}
  m_PrefabInstance: {fileID: 0}
  m_PrefabAsset: {fileID: 0}
  m_GameObject: {fileID: 7970284101118654336}
  m_Enabled: 1
  m_EditorHideFlags: 0
  m_Script: {fileID: 11500000, guid: d89cb886c779b714cb53f10749e3ba72, type: 3}
  m_Name: 
  m_EditorClassIdentifier: 
  bulletPrefab: {fileID: 4592371666200384672, guid: 5c20258cdf6aecc4cb97bdf49bd701c5,
    type: 3}
  fireRate: 15
  bulletSpeed: 5
  damage: 50
  harmObjectsWithTag:
  - Enemy
  - Boss
  bulletdef: {fileID: 0}
--- !u!64 &391011265889824647
MeshCollider:
  m_ObjectHideFlags: 0
  m_CorrespondingSourceObject: {fileID: 0}
  m_PrefabInstance: {fileID: 0}
  m_PrefabAsset: {fileID: 0}
  m_GameObject: {fileID: 7970284101118654336}
  m_Material: {fileID: 0}
  m_IsTrigger: 0
  m_Enabled: 1
  serializedVersion: 3
  m_Convex: 1
  m_CookingOptions: 14
  m_Mesh: {fileID: 4300000, guid: abad5ad41f3d34540bef0de007196cee, type: 3}
--- !u!1001 &6547191582595421914
PrefabInstance:
  m_ObjectHideFlags: 0
  serializedVersion: 2
  m_Modification:
    m_TransformParent: {fileID: 7970284101118290848}
    m_Modifications:
    - target: {fileID: 100024, guid: b80e0584e86bb28409e3777a242678fc, type: 3}
      propertyPath: m_Name
      value: Weapon_Bulky
      objectReference: {fileID: 0}
    - target: {fileID: 400024, guid: b80e0584e86bb28409e3777a242678fc, type: 3}
      propertyPath: m_LocalPosition.x
      value: 0
      objectReference: {fileID: 0}
    - target: {fileID: 400024, guid: b80e0584e86bb28409e3777a242678fc, type: 3}
      propertyPath: m_LocalPosition.y
      value: 0
      objectReference: {fileID: 0}
    - target: {fileID: 400024, guid: b80e0584e86bb28409e3777a242678fc, type: 3}
      propertyPath: m_LocalPosition.z
      value: 0
      objectReference: {fileID: 0}
    - target: {fileID: 400024, guid: b80e0584e86bb28409e3777a242678fc, type: 3}
      propertyPath: m_LocalRotation.x
      value: -0
      objectReference: {fileID: 0}
    - target: {fileID: 400024, guid: b80e0584e86bb28409e3777a242678fc, type: 3}
      propertyPath: m_LocalRotation.y
      value: -0
      objectReference: {fileID: 0}
    - target: {fileID: 400024, guid: b80e0584e86bb28409e3777a242678fc, type: 3}
      propertyPath: m_LocalRotation.z
      value: -0
      objectReference: {fileID: 0}
    - target: {fileID: 400024, guid: b80e0584e86bb28409e3777a242678fc, type: 3}
      propertyPath: m_LocalRotation.w
      value: 1
      objectReference: {fileID: 0}
    - target: {fileID: 400024, guid: b80e0584e86bb28409e3777a242678fc, type: 3}
      propertyPath: m_RootOrder
      value: 0
      objectReference: {fileID: 0}
    - target: {fileID: 400024, guid: b80e0584e86bb28409e3777a242678fc, type: 3}
      propertyPath: m_LocalEulerAnglesHint.x
      value: 0
      objectReference: {fileID: 0}
    - target: {fileID: 400024, guid: b80e0584e86bb28409e3777a242678fc, type: 3}
      propertyPath: m_LocalEulerAnglesHint.y
      value: 0
      objectReference: {fileID: 0}
    - target: {fileID: 400024, guid: b80e0584e86bb28409e3777a242678fc, type: 3}
      propertyPath: m_LocalEulerAnglesHint.z
      value: 0
      objectReference: {fileID: 0}
    - target: {fileID: 400024, guid: b80e0584e86bb28409e3777a242678fc, type: 3}
      propertyPath: m_LocalScale.x
      value: 12
      objectReference: {fileID: 0}
    - target: {fileID: 400024, guid: b80e0584e86bb28409e3777a242678fc, type: 3}
      propertyPath: m_LocalScale.y
      value: 12
      objectReference: {fileID: 0}
    - target: {fileID: 400024, guid: b80e0584e86bb28409e3777a242678fc, type: 3}
      propertyPath: m_LocalScale.z
      value: 12
      objectReference: {fileID: 0}
    m_RemovedComponents: []
  m_SourcePrefab: {fileID: 100100000, guid: b80e0584e86bb28409e3777a242678fc, type: 3}
--- !u!4 &6547191582595025986 stripped
Transform:
  m_CorrespondingSourceObject: {fileID: 400024, guid: b80e0584e86bb28409e3777a242678fc,
    type: 3}
  m_PrefabInstance: {fileID: 6547191582595421914}
  m_PrefabAsset: {fileID: 0}
